<record><leader>00000cas a2200000 a 4500</leader><controlfield tag="001">12159920</controlfield><controlfield tag="008">850615d18961903aruwr ne      0    0eng d</controlfield><datafield ind1=" " ind2=" " tag="010"><subfield code="a">sn 90050077 </subfield></datafield><datafield ind1=" " ind2=" " tag="040"><subfield code="a">VRR</subfield><subfield code="b">eng</subfield><subfield code="c">VRR</subfield><subfield code="d">ANU</subfield><subfield code="d">OCL</subfield><subfield code="d">OCLCQ</subfield><subfield code="d">OCLCF</subfield><subfield code="d">OCLCO</subfield><subfield code="d">OCLCA</subfield></datafield><datafield ind1=" " ind2=" " tag="042"><subfield code="a">msc</subfield></datafield><datafield ind1=" " ind2=" " tag="043"><subfield code="a">n-us-ar</subfield></datafield><datafield ind1="0" ind2=" " tag="130"><subfield code="a">Arkansas Baptist (Little Rock, Ark. : 1896)</subfield></datafield><datafield ind1="1" ind2="0" tag="245"><subfield code="a">Arkansas Baptist.</subfield></datafield><datafield ind1=" " ind2=" " tag="260"><subfield code="a">Little Rock, Ark. :</subfield><subfield code="b">W.A. Clark</subfield></datafield><datafield ind1=" " ind2=" " tag="300"><subfield code="a">v.</subfield></datafield><datafield ind1=" " ind2=" " tag="310"><subfield code="a">Weekly</subfield></datafield><datafield ind1="0" ind2=" " tag="362"><subfield code="a">Vol. 16, no. 40 (Oct. 14, 1896)-v. 23, no. 26 (July 8, 1903).</subfield></datafield><datafield ind1=" " ind2=" " tag="500"><subfield code="a">At head of title: "Our state paper," Dec. 18, 1901-&lt;Nov. 30, 1910&gt;.</subfield></datafield><datafield ind1=" " ind2=" " tag="515"><subfield code="a">Numbering is irregular.</subfield></datafield><datafield ind1=" " ind2="0" tag="650"><subfield code="a">Baptists</subfield><subfield code="z">Arkansas</subfield><subfield code="v">Newspapers.</subfield></datafield><datafield ind1=" " ind2="7" tag="655"><subfield code="a">Newspapers.</subfield><subfield code="2">fast</subfield><subfield code="0">(OCoLC)fst01423814</subfield></datafield><datafield ind1=" " ind2="7" tag="650"><subfield code="a">Baptists.</subfield><subfield code="2">fast</subfield><subfield code="0">(OCoLC)fst00827285</subfield></datafield><datafield ind1=" " ind2="7" tag="651"><subfield code="a">Arkansas.</subfield><subfield code="2">fast</subfield><subfield code="0">(OCoLC)fst01204809</subfield></datafield><datafield ind1=" " ind2=" " tag="752"><subfield code="a">United States</subfield><subfield code="b">Arkansas</subfield><subfield code="c">Pulaski</subfield><subfield code="d">Little Rock.</subfield></datafield><datafield ind1="0" ind2="0" tag="780"><subfield code="t">Baptist (Little Rock, Ark. : 1895)</subfield><subfield code="w">(DLC)sn 90050073</subfield></datafield><datafield ind1="0" ind2="0" tag="785"><subfield code="t">Landmark Baptist</subfield><subfield code="w">(DLC)sn 92050082</subfield></datafield></record>